% % Bibliography
@book{cormen2022introduction,
  title={Introduction to algorithms},
  author={Cormen, Thomas H and Leiserson, Charles E and Rivest, Ronald L and Stein, Clifford},
  year={2022},
  publisher={MIT press}
}

@article{lecun2015deep,
  title={Deep learning},
  author={LeCun, Yann and Bengio, Yoshua and Hinton, Geoffrey},
  journal={nature},
  volume={521},
  number={7553},
  pages={436--444},
  year={2015},
  publisher={Nature Publishing Group}
}

@article{李晓磊2002一种基于动物自治体的寻优模式,
  title={一种基于动物自治体的寻优模式: 鱼群算法},
  author={李晓磊 and 邵之江 and 钱积新},
  journal={系统工程理论与实践},
  volume={22},
  number={11},
  pages={32--38},
  year={2002}
}
